@MISC(rapela17-vblr,
    AUTHOR = {Joaqu\'{i}n Rapela},
    TITLE = {Derivation of Variational Bayes Linear Regression},
    YEAR = {2017},
    URL = {http://sccn.ucsd.edu/~rapela/docs/vblr.pdf}
    )

@PHDTHESIS(beal03,
    AUTHOR = {M. Beal},
    TITLE = {Variational algorithms for approximate Bayesian inference},
    SCHOOL = {Gatsby Computational Unit, University College London, UK},
    YEAR = {2003}
    )

@book{bishop06,
  title={Pattern recognition and machine learning},
  author={Christopher M Bishop},
  year={2016},
  publisher={Springer-Verlag New York}
}

@ARTICLE(drugowitsch14,
    AUTHOR      = {J. Drugowitsch},
    TITLE       = {Variational Bayesian inference for linear and logistic regression},
    YEAR        = {2014},
    NOTE        = {\url{http://arxiv.org/abs/1310.5438}}
    )

@article{rodriguezAndLaio14,
  title={Clustering by fast search and find of density peaks},
  author={Rodriguez, Alex and Laio, Alessandro},
  journal={Science},
  volume={344},
  number={6191},
  pages={1492--1496},
  year={2014},
  publisher={American Association for the Advancement of Science}
}

@article{escolaEtAl11,
  title={Hidden Markov models for the stimulus-response relationships of
multistate neural systems},
  author={Escola, Sean and Fontanini, Alfredo and Katz, Don and Paninski,
Liam},
  journal={Neural computation},
  volume={23},
  number={5},
  pages={1071--1132},
  year={2011},
  publisher={MIT Press}
}

@article{bengioEtAl13,
  title={Representation learning: A review and new perspectives},
  author={Bengio, Yoshua and Courville, Aaron and Vincent, Pascal},
  journal={IEEE transactions on pattern analysis and machine intelligence},
  volume={35},
  number={8},
  pages={1798--1828},
  year={2013},
  publisher={IEEE}
}

@article{vanDerMaatenAndHinton2008,
  title={Visualizing data using t-SNE},
  author={van der Maaten, Laurens and Hinton, Geoffrey},
  journal={Journal of machine learning research},
  volume={9},
  number={Nov},
  pages={2579--2605},
  year={2008}
}

@incollection{fraserAndDimitriadis93,
  author      = {Fraser, Andrew M and Dimitriadis, Alexis},
  title       = {Forecasting probability densities by using hidden Markov models with mixed states},
  editor      = {Andreas S. Weigend and Neil A. Gershenfeld},
  booktitle   = {Time series prediction: forecasting the future and understanding the past},
  publisher   = {Addison-Wesley},
  address     = {Reading, MA},
  year        = {1993},
  pages       = {265-282}
}
